% Encoding: UTF-8

@misc{fodor2020integral,
    title={Why integral equations should be used instead of differential equations to describe the dynamics of epidemics},
    author={Z. Fodor and S. D. Katz and T. G. Kovacs},
    year={2020},
    eprint={2004.07208},
    archivePrefix={arXiv},
    primaryClass={q-bio.PE}
}

@Article{LloydSmithNovember2020,
  author  = {Lloyd-Smith, J. O. and Schreiber, S. J. and Kopp, P. E. and Getz, W. M.},
  journal = {Nature Vol 438|17},
  title   = {Superspreading and the effect of individual variation on disease emergence},
  year    = {November, 2020},
}
@Article{Kermack1927,
  author  = {Kermack, W.O. and McKendrick, A.G.},
  journal = {Proc. Roy. Soc. London Ser. A , 115, pp. 700-721.},
  title   = {Contributions to the mathematical theory of epidemics, part 1},
  year    = {1927},
}

@Article{Hethcote2000,
  author  = {Hethcote, H.W.},
  journal = {SIAM Review, Vol. 42, No. 4., pp. 599-653},
  title   = {The Mathematics of Infectious Diseases},
  year    = {2000},
}

@Article{Tang2020,
  author  = {Tang, B. and Wang, X. amd Li, Q. and Bragazzi, N.L. amd Tang, S. and Xiao, Y. and Wu, J.},
  journal = {J. Clin. Med., 9, 462.},
  title   = {Estimation of the Transmission Risk of the 2019-nCoV and Its Implication for Public Health Interventions.},
  year    = {2020},
}

@Article{Hunter2017,
  author  = {Hunter, E. and Mac Namee, B. and Kelleher, J.},
  journal = {Journal of Artificial Societies and Social Simulation 20(3) 2},
  title   = {A Taxonomy for Agent-Based Models in Human Infectious Disease Epidemiology},
  year    = {2017},
}

@Article{Lin2020,
  author  = {Lin, Q. and others},
  journal = {International Journal of Infectious Diseases 93 211â€“216},
  title   = {A conceptual model for the coronavirus disease 2019 (COVID-19) outbreak in Wuhan, China with individual reaction and governmental action},
  year    = {2020},
}

@Article{Lopez2020,
  author  = {Lopez, L. and Rodo, X.},
  journal = {https://doi.org/10.1101/2020.03.27.20045005.},
  title   = {A MODIFIED SEIR MODEL TO PREDICT THE COVID-19 OUTBREAK IN SPAIN AND ITALY: SIMULATING CONTROL SCENARIOS AND MULTI-SCALE EPIDEMICS},
  year    = {2020},
}

@article{Pastor_Satorras_2015,
   title={Epidemic processes in complex networks},
   volume={87},
   ISSN={1539-0756},
   url={http://dx.doi.org/10.1103/RevModPhys.87.925},
   DOI={10.1103/revmodphys.87.925},
   number={3},
   journal={Reviews of Modern Physics},
   publisher={American Physical Society (APS)},
   author={Pastor-Satorras, Romualdo and Castellano, Claudio and Van Mieghem, Piet and Vespignani, Alessandro},
   year={2015},
   month={Aug},
   pages={925?979}
}

@article{Albert_2002,
   title={Statistical mechanics of complex networks},
   volume={74},
   ISSN={1539-0756},
   url={http://dx.doi.org/10.1103/RevModPhys.74.47},
   DOI={10.1103/revmodphys.74.47},
   number={1},
   journal={Reviews of Modern Physics},
   publisher={American Physical Society (APS)},
   author={Albert, R\'eka and Barab\'asi, Albert-L\'aszl\'o},
   year={2002},
   month={Jan},
   pages={47?97}
}


@article{Klemm_2002,
   title={Growing scale-free networks with small-world behavior},
   volume={65},
   ISSN={1095-3787},
   url={http://dx.doi.org/10.1103/PhysRevE.65.057102},
   DOI={10.1103/physreve.65.057102},
   number={5},
   journal={Physical Review E},
   publisher={American Physical Society (APS)},
   author={Klemm, Konstantin and Egu\'iluz, Victor},
   year={2002},
   month={May}
}
@article{10.1371/journal.pmed.0020174,
    author = {Wearing, Helen J AND Rohani, Pejman AND Keeling, Matt J},
    journal = {PLOS Medicine},
    publisher = {Public Library of Science},
    title = {Appropriate Models for the Management of Infectious Diseases},
    year = {2005},
    month = {07},
    volume = {2},
    url = {https://doi.org/10.1371/journal.pmed.0020174},
    pages = {},
    abstract = {Two current biases in infectious disease models may substantially affect their usefulness in predicting disease oubreaks.},
    number = {7},
    doi = {10.1371/journal.pmed.0020174}
}

@Article{Zhang2020,
  author  = {Zhang, J. and others},
  journal = {Lancet Infect Dis 2020},
  title   = {Evolving epidemiology and transmission dynamics of coronavirus disease 2019 outside Hubei province, China: a descriptive and modelling study},
  year    = {2020},
  doi     = {https://doi.org/10.1016/ S1473-3099(20)30230-9},
}

@Article{Hellewell2020,
  author  = {Hellewell, J. and others},
  journal = {Lancet Glob Health 2020},
  title   = {Feasibility of controlling COVID-19 outbreaks by isolation ofcases and contacts},
  year    = {2020},
  doi     = {https://doi.org/10.1016/ S2214-109X(20)30074-7},
}

@Article{CerveraVillanueva2002,
  author  = {Cervera-Villanueva and others},
  journal = {Nucl.Instrum.Meth.A 486 639-662},
  title   = {Kalman filter tracking and vertexing in a silicon detector for neutrino physics},
  year    = {(2002)},
}

@Article{Billoir1984,
  author  = {Billoir, P.},
  journal = {Nucl.Instrum.Meth.A 225, 352-366},
  title   = {Track Fitting With Multiple Scattering: A New Method},
  year    = {(1984)},
}

@Article{Fruhwirth1987,
  author  = {Fruhwirth, R.},
  journal = {Nucl.Instrum.Meth.A 262, 444-450},
  title   = {Application of Kalman filtering to track and vertex fitting},
  year    = {(1987)},
}

@Comment{jabref-meta: databaseType:bibtex;}
